@book{doi/10.2760/039619,
author = {Misuraca, G. and Noordt, C. v.},
title = {AI watch, artificial intelligence in public services â€“ Overview of the use and impact of AI in public services in the EU},
publisher = {Publications Office},
year = {2020},
doi = {doi/10.2760/039619}}
