@book{doi/10.2760/39336,
  author    = {Tangi, L. and Noordt, C. v. and Combetto, M. and Gattwinkel, D. and Pignatelli, F.},
  title     = {AI Watch - European landscape on the use of artificial intelligence by the public sector},
  publisher = {Publications Office of the European Union},
  year      = {2022},
  doi       = {doi/10.2760/39336}
}
