@article{article,
  author  = {Mostafaei, Hamidreza and Kordnoori, Shirin and Ostadrahimi, Mohammadmohsen and seyed agha banihashemi, Saeed and Debo, Daba},
  year    = {2025},
  month   = {02},
  pages   = {1-15},
  title   = {Applications of Artificial Intelligence in Global Diplomacy: A Review of Research and Practical Models},
  volume  = {9},
  journal = {Sustainable Futures},
  doi     = {10.1016/j.sftr.2025.100486}
}

