@inproceedings{NEURIPS2023_ac662d74,
 author = {Zhou, Chunting and Liu, Pengfei and Xu, Puxin and Iyer, Srinivasan and Sun, Jiao and Mao, Yuning and Ma, Xuezhe and Efrat, Avia and Yu, Ping and YU, LILI and Zhang, Susan and Ghosh, Gargi and Lewis, Mike and Zettlemoyer, Luke and Levy, Omer},
 booktitle = {Advances in Neural Information Processing Systems},
 editor = {A. Oh and T. Naumann and A. Globerson and K. Saenko and M. Hardt and S. Levine},
 pages = {55006--55021},
 publisher = {Curran Associates, Inc.},
 title = {LIMA: Less Is More for Alignment},
 url = {https://proceedings.neurips.cc/paper_files/paper/2023/file/ac662d74829e4407ce1d126477f4a03a-Paper-Conference.pdf},
 volume = {36},
 year = {2023}
}
