@book{knuth1984,
  author    = {Donald E. Knuth},
  title     = {The \TeX book},
  year      = {1984},
  publisher = {Addison-Wesley},
  address   = {Reading, Massachusetts},
  series    = {Computers & Typesetting},
  volume    = {A},
  isbn      = {978-0-201-13448-7}
}

@article{einstein1905,
  author    = {Albert Einstein},
  title     = {Zur Elektrodynamik bewegter KÃ¶rper},
  journal   = {Annalen der Physik},
  year      = {1905},
  volume    = {322},
  number    = {10},
  pages     = {891--921},
  doi       = {10.1002/andp.19053221004},
  language  = {german}
}

@inproceedings{turing1936,
  author    = {Alan M. Turing},
  title     = {On Computable Numbers, with an Application to the Entscheidungsproblem},
  booktitle = {Proceedings of the London Mathematical Society},
  year      = {1936},
  volume    = {2},
  number    = {42},
  pages     = {230--265},
  doi       = {10.1112/plms/s2-42.1.230}
}

@online{cern2025,
  author    = {CERN},
  title     = {The Large Hadron Collider},
  year      = {2025},
  url       = {https://home.cern/science/accelerators/large-hadron-collider},
  note      = {Accessed: 2025-05-10}
}

@thesis{smith2023,
  author    = {Emily Smith},
  title     = {Machine Learning Applications in Climate Science},
  year      = {2023},
  type      = {PhD thesis},
  institution = {Massachusetts Institute of Technology},
  address   = {Cambridge, MA}
}

@thesis{johnson2022,
  author    = {Michael Johnson},
  title     = {Data Visualization Techniques for Big Data},
  year      = {2022},
  type      = {Master's thesis},
  institution = {Stanford University},
  address   = {Stanford, CA}
}

@misc{nasa2024,
  author    = {NASA},
  title     = {Mars Exploration Program: Mission Overview},
  year      = {2024},
  howpublished = {\url{https://mars.nasa.gov/}},
  note      = {Accessed: 2025-05-10}
}